<?xml version="1.0" encoding="UTF-8" ?>
<collection xmlns:xsi="http://www.w3.org/2001/XMLSchema-instance"
    xsi:schemaLocation="http://www.loc.gov/MARC21/slim
        http://www.loc.gov/standards/marcxml/schema/MARC21slim.xsd"
    xmlns="http://www.loc.gov/MARC21/slim">
<record>
  <leader>00262cam a2200505 ia4500</leader>
  <controlfield tag="001">b12758358</controlfield>
  <controlfield tag="003">LeBAU</controlfield>
  <controlfield tag="005">20181024</controlfield>
  <controlfield tag="008">971104s1938    ua            ||0 0 ara d</controlfield>
  <datafield tag="035" ind1=" " ind2=" ">
    <subfield code="a">ocn784504610</subfield>
  </datafield>
  <datafield tag="040" ind1=" " ind2=" ">
    <subfield code="a">LEAUB</subfield>
    <subfield code="b">ara</subfield>
    <subfield code="e">rda</subfield>
    <subfield code="c">LEAUB</subfield>
    <subfield code="d">LEAUB</subfield>
  </datafield>
  <datafield tag="082" ind1="0" ind2="4">
    <subfield code="a">297.124</subfield>
    <subfield code="2">22</subfield>
  </datafield>
  <datafield tag="100" ind1="1" ind2=" ">
    <subfield code="6">880-01</subfield>
    <subfield code="a">Munāwī, ʻAbd al-Raʼūf ibn Tāj al-ʻĀrifīn,</subfield>
    <subfield code="d">-1621,</subfield>
    <subfield code="e">author.</subfield>
  </datafield>
  <datafield tag="245" ind1="1" ind2="0">
    <subfield code="6">880-02</subfield>
    <subfield code="a">Fayḍ al-Qadīr :</subfield>
    <subfield code="b">sharḥ al-Jāmiʻ al-ṣaghīr : wa-huwa sharḥ nafīs lil-ʻallāmah al-muḥaddith Muḥammad al-madʻū bi-ʻAbd al-Raʻūf al-Munāwī ʻalá Kitāb "al-Jāmiʻ al-Ṣaghīr" min aḥādīth al-bashīr al-nadhīr lil-ḥāfiz Jalāl al-Din ʻAbd al-Raḥmān al-Suyūṭī /</subfield>
    <subfield code="c">lil-ʻAllāmah al-Munāwī.</subfield>
  </datafield>
  <datafield tag="250" ind1=" " ind2=" ">
    <subfield code="6">880-03</subfield>
    <subfield code="a">al-Ṭabʻah al-ūlá.</subfield>
  </datafield>
  <datafield tag="264" ind1=" " ind2="1">
    <subfield code="6">880-04</subfield>
    <subfield code="a">Miṣr :</subfield>
    <subfield code="b">al-Maktabah al-Tijārīyah al-Kubrá,</subfield>
    <subfield code="c">1356 H. = 1938 M.</subfield>
  </datafield>
  <datafield tag="300" ind1=" " ind2=" ">
    <subfield code="6">880-05</subfield>
    <subfield code="a">6 volumes ;</subfield>
    <subfield code="c">28 cm</subfield>
  </datafield>
  <datafield tag="336" ind1=" " ind2=" ">
    <subfield code="a">text</subfield>
    <subfield code="b">txt</subfield>
    <subfield code="2">rdacontent</subfield>
  </datafield>
  <datafield tag="337" ind1=" " ind2=" ">
    <subfield code="a">unmediated</subfield>
    <subfield code="b">n</subfield>
    <subfield code="2">rdamedia</subfield>
  </datafield>
  <datafield tag="338" ind1=" " ind2=" ">
    <subfield code="a">volume</subfield>
    <subfield code="b">nc</subfield>
    <subfield code="2">rdacarrier</subfield>
  </datafield>
  <datafield tag="500" ind1=" " ind2=" ">
    <subfield code="a">"صححت هذه الطبعة وقوبلت على عدة نسخ من أهمها نسخة نفيسة مخطوطة في سنة 1039 هـ. وعلق عليها تعليقات قيمة نخبة من العلماء الأجلاء."</subfield>
  </datafield>
  <datafield tag="500" ind1=" " ind2=" ">
    <subfield code="a">"تنبيه: قد جعلنا متن الجامع الصغير بأعلى الصحفات، والشرح بأسفلها مفصولا بينهما بجدول، ولتمام الفائدة قد ضبطنا الأحاديث بالشكل الكامل."</subfield>
  </datafield>
  <datafield tag="600" ind1="0" ind2="4">
    <subfield code="a">السيوطي،</subfield>
    <subfield code="d">1445-1505.</subfield>
    <subfield code="t">الجامع الصغير.</subfield>
  </datafield>
  <datafield tag="600" ind1="0" ind2="0">
    <subfield code="a">Suyuti،</subfield>
    <subfield code="d">1445-1505.</subfield>
    <subfield code="t">Jāmiʻ al-ṣaghīr.</subfield>
  </datafield>
  <datafield tag="650" ind1=" " ind2="4">
    <subfield code="a">الحديث</subfield>
    <subfield code="x">تفسير وتأويل</subfield>
    <subfield code="v">أعمال قديمة حتى 1800.</subfield>
  </datafield>
  <datafield tag="650" ind1=" " ind2="4">
    <subfield code="a">الحديث</subfield>
    <subfield code="x">نصوص</subfield>
    <subfield code="v">أعمال قديمة حتى 1800.</subfield>
  </datafield>
  <datafield tag="650" ind1=" " ind2="0">
    <subfield code="a">Hadith</subfield>
    <subfield code="x">Hermeneutics</subfield>
    <subfield code="v">Early works to 1800.</subfield>
  </datafield>
  <datafield tag="650" ind1=" " ind2="0">
    <subfield code="a">Hadith</subfield>
    <subfield code="v">Texts</subfield>
    <subfield code="v">Early works to 1800.</subfield>
  </datafield>
  <datafield tag="700" ind1="0" ind2="2">
    <subfield code="6">880-06</subfield>
    <subfield code="a">Suyuti،</subfield>
    <subfield code="d">1445-1505.</subfield>
    <subfield code="t">Jāmiʻ al-ṣaghīr.</subfield>
  </datafield>
  <datafield tag="852" ind1=" " ind2=" ">
    <subfield code="a">Jafet Library</subfield>
    <subfield code="e">American University of Beirut, Bliss Street , Beirut, Lebanon.</subfield>
  </datafield>
  <datafield tag="880" ind1="1" ind2=" ">
    <subfield code="6">100-01/(3/r</subfield>
    <subfield code="a">المناوي، عبد الرؤوف بن تاج العارفين،</subfield>
    <subfield code="d">-1621،</subfield>
    <subfield code="e">مؤلف. </subfield>
    <subfield code="4">aut.</subfield>
  </datafield>
  <datafield tag="880" ind1="1" ind2="0">
    <subfield code="6">245-02/(3/r</subfield>
    <subfield code="a">فيض القدير :</subfield>
    <subfield code="b">شرح الجامع الصغير : وهو شرح نفيس للعلامة المحدث محمد المدعو بعبد الرؤف المناوي على كتاب "الجامع الصغير" من أحاديث البشير النذير للحافظ جلال الدين عبد الرحمن السيوطي /</subfield>
    <subfield code="c">للعلامة المناوي.</subfield>
  </datafield>
  <datafield tag="880" ind1=" " ind2=" ">
    <subfield code="6">250-03/(3/r</subfield>
    <subfield code="a">الطبعة الأولى.</subfield>
  </datafield>
  <datafield tag="880" ind1=" " ind2="1">
    <subfield code="6">264-04/(3/r</subfield>
    <subfield code="a">مصر :</subfield>
    <subfield code="b">المكتبة التجارية الكبرى،</subfield>
    <subfield code="c">1356 هـ. = 1938 م.</subfield>
  </datafield>
  <datafield tag="880" ind1=" " ind2=" ">
    <subfield code="6">300-05/(3/r</subfield>
    <subfield code="a">6 أجزاء ؛</subfield>
    <subfield code="c">28 سم</subfield>
  </datafield>
  <datafield tag="880" ind1="0" ind2="2">
    <subfield code="6">700-06/(3/r</subfield>
    <subfield code="a">السيوطي،</subfield>
    <subfield code="d">1445-1505.</subfield>
    <subfield code="t">الجامع الصغير.</subfield>
  </datafield>
  <datafield tag="907" ind1=" " ind2=" ">
    <subfield code="a">.b12758358</subfield>
    <subfield code="b">18-11-16</subfield>
    <subfield code="c">11-05-24</subfield>
  </datafield>
  <datafield tag="907" ind1=" " ind2=" ">
    <subfield code="a">.b12758358</subfield>
    <subfield code="b">15-10-15</subfield>
    <subfield code="c">11-05-24</subfield>
  </datafield>
  <datafield tag="945" ind1=" " ind2=" ">
    <subfield code="f">J</subfield>
    <subfield code="a">297.124:S967jmA:v.1:c.1</subfield>
    <subfield code="i">01064003</subfield>
    <subfield code="j">.i1333234x</subfield>
    <subfield code="l">u0503</subfield>
  </datafield>
  <datafield tag="945" ind1=" " ind2=" ">
    <subfield code="f">J</subfield>
    <subfield code="a">297.124:S967jmA:v.2:c.1</subfield>
    <subfield code="i">01064004</subfield>
    <subfield code="j">.i13332351</subfield>
    <subfield code="l">u0503</subfield>
  </datafield>
  <datafield tag="945" ind1=" " ind2=" ">
    <subfield code="f">J</subfield>
    <subfield code="a">297.124:S967jmA:v.3:c.1</subfield>
    <subfield code="i">01064005</subfield>
    <subfield code="j">.i13332363</subfield>
    <subfield code="l">u0503</subfield>
  </datafield>
  <datafield tag="945" ind1=" " ind2=" ">
    <subfield code="f">J</subfield>
    <subfield code="a">297.124:S967jmA:v.4:c.1</subfield>
    <subfield code="i">01064006</subfield>
    <subfield code="j">.i13332375</subfield>
    <subfield code="l">u0503</subfield>
  </datafield>
  <datafield tag="945" ind1=" " ind2=" ">
    <subfield code="f">J</subfield>
    <subfield code="a">297.124:S967jmA:v.5:c.1</subfield>
    <subfield code="i">01064007</subfield>
    <subfield code="j">.i13332387</subfield>
    <subfield code="l">u0503</subfield>
  </datafield>
  <datafield tag="945" ind1=" " ind2=" ">
    <subfield code="f">J</subfield>
    <subfield code="a">297.124:S967jmA:v.6:c.1</subfield>
    <subfield code="i">01064008</subfield>
    <subfield code="j">.i13332399</subfield>
    <subfield code="l">u0503</subfield>
  </datafield>
  <datafield tag="998" ind1=" " ind2=" ">
    <subfield code="a">u05</subfield>
    <subfield code="b">97-11-04</subfield>
    <subfield code="c">m</subfield>
    <subfield code="d">a  </subfield>
    <subfield code="e">-</subfield>
    <subfield code="f">ara</subfield>
    <subfield code="g">ua </subfield>
    <subfield code="h">0</subfield>
    <subfield code="i">6</subfield>
  </datafield>
</record>
</collection>
